=LDR  01332cam a2200385 i 4500
=001  004227840
=003  NNU
=005  20160318105307.0
=008  150715s2015\\\\ir\\\\\\\\\\\\000\j\per\\
=040  \\$aHLS$beng$erda$cHLS$dNOC
=066  \\$c(3$c(4
=020  \\$a9789642950423
=020  \\$a9642950421
=035  \\$a(OCoLC)932102015
=042  \\$apcc
=050  \4$aPK6561.F26415$bK43 2015
=049  \\$aZYUU
=100  1\$6880-01$aFarrukhzād, Pūrān,$eauthor.
=245  10$6880-02$aKhānah-yi kāghaz̲ī :$bmajmūʻah-i dāstān /$cPūrān Farrukhʹzād.
=250  \\$6880-03$aNawbat-i chāp: avval.
=264  \1$6880-04$a[Tehran?] :$bNashr-i Pūyandah,$c1394 [2015]
=300  \\$a189 pages ;$c22 cm
=336  \\$atext$2rdacontent
=337  \\$aunmediated$2rdamedia
=338  \\$avolume$2rdacarrier
=500  \\$aShort stories.
=546  \\$aIn Persian.
=655  \7$aShort stories.$2lcgft
=752  \\$aIran$dTehran.
=852  0\$aNNU$bBOBST$cMAIN$hPK6561.F26415$iK43 2015$p31142060737023
=880  1\$6100-01/(3/r$aفرخ‌زاد، پوران.
=880  10$6245-02/(3/r$aخانه‌ى کاغذى :$bمجموعه داستان /$cپوران فرخ‌زاد.
=880  \\$6250-03/(3/r$aنوبت چاپ: اول.
=880  \1$6264-04/(3/r$a[Tehran?] :$bنشر پوينده،$c1394 [2015]
=994  \\$aC0$bTEF

