=LDR  01510cam a2200421 a 4500
=001  004227842
=003  NNU
=005  20160318025200.0
=008  151001s2014\\\\ir\\\\\e\\\\\\000\f\per\d
=040  \\$aRAHAB$beng$cRAHAB$dOCLCF$dOCLCQ$dTEF
=066  \\$c(3$c(4
=020  \\$a9786002295323
=020  \\$a6002295321
=035  \\$a(OCoLC)922646961
=050  \4$aPK6562.29.H373$bT35 2014
=049  \\$aZYUU
=100  1\$6880-01$aSharabiyānī, Amīr Ḥusayn.
=245  10$6880-02$aṬalā bāzī /$cAmīr Ḥusayn Sharabiyānī.
=250  \\$6880-03$aChāp-i 1.
=260  \\$6880-04$aTihrān :$bChishmih,$c1393 [2014].
=300  \\$a226 pages ;$c22 cm.
=336  \\$atext$btxt$2rdacontent
=337  \\$aunmediated$bn$2rdamedia
=338  \\$avolume$bnc$2rdacarrier
=490  1\$6880-05$aKitābʹhā-yi Qafasahʹyi Ābī
=500  \\$aNovel.
=546  \\$aIn Persian.
=650  \0$aPersian fiction.
=650  \7$aPersian fiction.$2fast$0(OCoLC)fst01058461
=830  \0$6880-06$aKitābʹhā-yi Qafasahʹyi Ābī
=852  0\$aNNU$bBOBST$cMAIN$hPK6562.29.H373$iT35 2014$p31142060737049
=880  1\$6100-01/(3/r$aشربىانى، امىر حسىن.
=880  10$6245-02/(3/r$aطلا بازى /$cامىر حسىن شربىانى.
=880  \\$6250-03/(4/r$aچاپ 1.
=880  \\$6260-04/(3/r$aتهران :$bچشمه،$c1393 [2014].
=880  1\$6490-05/(4/r$aکتاب‌هاى قفسه‌ى آبى
=880  \0$6830-06/(4/r$aکتاب‌اى قفسه‌ آبى.
=994  \\$aC0$bTEF

