=LDR  01527cam a2200421 i 4500
=001  004227845
=003  NNU
=005  20160318030446.0
=008  151127s2015\\\\ir\\\\\\\\\\\\000\m\per\\
=010  \\$a  2015325762
=040  \\$aDLC$beng$erda$cDLC$dTEF
=066  \\$c(3$c(4
=020  \\$a9786007033340
=020  \\$a6007033341
=035  \\$a(OCoLC)930576273
=037  \\$aLibrary of Congress -- Islamabad Overseas Office
=042  \\$alcode
=050  \4$aPK6561.M813$bS53 2015
=049  \\$aZYUU
=100  1\$6880-01$aMujābī, Javād,$eauthor.
=245  10$6880-02$aShakl-i nivishtanam hastam :$bmaqālāt va guft va shanīdʹhā /$cJavād Mujābī.
=250  \\$6880-03$aChāp-i avval.
=264  \1$6880-04$aTihrān :$bKitāb-i Āmmah,$c1394 [2015].
=300  \\$a655 pages ;$c21 cm
=336  \\$atext$btxt$2rdacontent
=337  \\$aunmediated$bn$2rdamedia
=338  \\$avolume$bnc$2rdacarrier
=546  \\$aIn Persian.
=600  10$6880-05$aMujābī, Javād$vInterviews.
=650  \0$aPersian essays$y20th century.
=650  \0$aPersian literature.
=852  0\$aNNU$bBOBST$cMAIN$hPK6561.M813$iS53 2015$p31142060737064
=880  1\$6100-01/(3/r$aمجابى، جواد،$eauthor.
=880  10$6245-02/(3/r$aشکل نوشتنم هستم :$bمقالات و گفت و شنىد‌ها /$cجواد مجابى.
=880  \\$6250-03/(4/r$aچاپ اول.
=880  \1$6264-04/(3/r$aتهران :$bکتاب آمه،$c1394 [2015].
=880  14$6600-05/(3/r$aمجابى، جواد.
=994  \\$aC0$bTEF

