=LDR  01572cam a2200409 i 4500
=001  004227849
=003  NNU
=005  20160318032146.0
=008  151127s2015\\\\ir\\\\\\\\\\\\000\0apero\
=010  \\$a  2015325766
=040  \\$aDLC$beng$erda$cDLC$dTEF
=066  \\$c(3$c(4
=020  \\$a9789643519711
=020  \\$a9643519716
=035  \\$a(OCoLC)930576234
=037  \\$aLibrary of Congress -- Islamabad Overseas Office
=042  \\$alcode
=050  \4$aPK6561.R243$bZ46 2015
=049  \\$aZYUU
=100  1\$6880-01$aRahnema, Touradj,$eauthor.
=245  10$6880-02$aZīr-i saqfʹhā-yi kāghaz̲ī :$binsānʹhā, chihrahʹhā, ṣūratakʹhā /$cTūraj Rahnimā.
=250  \\$6880-03$aChāp-i avval.
=264  \1$6880-04$aTihrān :$bMuʼassasah-ʼi Intishārāt-i Nigāh,$c1394 [2015].
=300  \\$a320 pages ;$c22 cm
=336  \\$atext$btxt$2rdacontent
=337  \\$aunmediated$bn$2rdamedia
=338  \\$avolume$bnc$2rdacarrier
=546  \\$aIn Persian.
=600  10$6880-05$aRahnema, Touradj$vDiaries.
=650  \0$aPoets, Iranian$y20th century$vDiaries.
=852  0\$aNNU$bBOBST$cMAIN$hPK6561.R243$iZ46 2015$p31142060737080
=880  1\$6100-01/(3/r$aرهنما، تورج،$eauthor.
=880  10$6245-02/(3/r$aزىر سقف‌هاى کاغذى :$bانسان‌ها، چهره‌ها، صورتک‌ها /$cتورج رهنما.
=880  \\$6250-03/(4/r$aچاپ اول.
=880  \1$6264-04/(3/r$aتهران :$bمؤسسۀ انتشارات نگاه،$c1394 [2015].
=880  14$6600-05/(3/r$aرهنما، تورج.
=994  \\$aC0$bTEF

