=LDR  01028nam a2200313 i 4500
=001  004227889
=003  NNU
=005  20160318103926.0
=008  160318s2014\\\\ir\a\\\\\s\\\\000\0\eng\\
=040  \\$aNNU$beng$erda$cTEF
=066  \\$c(3$c(4
=020  \\$a9789643659684
=020  \\$a9643659682
=035  \\$a(OCoLC)945078537
=043  \\$aa-ir---
=050  \4$aHA4570.2$b.S73 2014
=049  \\$aZYUU
=245  00$aStatistical pocketbook of the Islamic Republic of Iran 1391 (Iranian year) (20 March 2012-21 March 2013).
=264  \1$aTehran :$bPlan & Budget Organization, Statistical Centre of Iran,$c2014.
=300  \\$a163 pages :$bcolor illustrations ;$c24 cm
=336  \\$atext$btxt$2rdacontent
=337  \\$aunmediated$bn$2rdamedia
=338  \\$avolume$bnc$2rdacarrier
=500  \\$a"No. 20."
=651  \0$aIran$vStatistics.
=710  2\$6880-01$aMarkaz-i Āmār-i Īrān.
=852  0\$aNNU$bBOBST$cMAIN$hHA4570.2$i.S73 2014$p31142060737197
=880  2\$6710-01/(3/r$aمرکز آمار ايران.
=994  \\$aC0$bTEF

