=LDR  01537cam a2200433 i 4500
=001  004227946
=003  NNU
=005  20160318022131.0
=008  151214s2015\\\\ir\\\\\\\\\\\\000\j\per\\
=010  \\$a  2015325840
=040  \\$aDLC$beng$erda$cDLC$dTEF
=066  \\$c(3$c(4
=020  \\$a9786002292414
=020  \\$a6002292411
=035  \\$a(OCoLC)932303229
=037  \\$aLibrary of Congress -- Islamabad Overseas Office
=042  \\$alcode
=050  \4$aPK6561.T322$bS58 2015
=049  \\$aZYUU
=100  1\$6880-01$aṬabāṭabāyī, Nāhīd,$eauthor.
=245  10$6880-02$aSitārahʹ-yi sīnamā /$cNāhīd Ṭabāṭabāyī.
=250  \\$6880-03$aChāp-i avval.
=264  \1$6880-04$aTihrān :$bChishmah,$c1394 [2015].
=300  \\$a107 pages ;$c22 cm
=336  \\$atext$btxt$2rdacontent
=337  \\$aunmediated$bn$2rdamedia
=338  \\$avolume$bnc$2rdacarrier
=490  1\$6880-05$aJahān-i tāzah-yi dāstān
=500  \\$aShort stories.
=546  \\$aIn Persian.
=830  \0$6880-06$aJahān-i tāzah-i dāstān.
=852  0\$aNNU$bBOBST$cMAIN$hPK6561.T322$iS58 2015$p31142060736694
=880  1\$6100-01/(3/r$aطباطباىى، ناهىد،$eauthor.
=880  10$6245-02/(3/r$aستاره‌ى سىنما /$cناهىد طباطباىى.
=880  \\$6250-03/(4/r$aچاپ اول.
=880  \1$6264-04/(3/r$aتهران :$bچشمه،$c1394 [2015].
=880  1\$6490-05/(3/r$aجهان تازهى داستان
=880  \0$6830-06/(3/r$aجهان تازه داستان.
=994  \\$aC0$bTEF

