=LDR  01242cam a2200373 a 4500
=001  004227944
=003  NNU
=005  20160318040858.0
=008  150801s2015\\\\ir\\\\\\\\\\\\000\f\per\d
=040  \\$aHLS$beng$cHLS$dTEF
=066  \\$c(3$c(4
=020  \\$a9786007405161
=020  \\$a6007405168
=035  \\$a(OCoLC)929151154
=050  \4$aPK6562.23.A886$bN84 2015
=049  \\$aZYUU
=100  1\$6880-01$aMaʻṣūmʹdūst, Hādī.
=245  10$6880-02$aNuh marg /$cHādī Maʻṣūmʹ dūst.
=250  \\$6880-03$aChāp-i avval.
=264  \1$6880-04$aTihrān :$bNashr-i Charkh,$c1394 [2015].
=300  \\$a179 pages ;$c21 cm.
=336  \\$atext$btxt$2rdacontent
=337  \\$aunmediated$bn$2rdamedia
=338  \\$avolume$bnc$2rdacarrier
=500  \\$aNovel.
=546  \\$aIn Persian.
=500  \\$a"Kitābʹhā-yi qafasah-yi ābī" -- on cover.
=752  \\$aIran$dTehran.
=852  0\$aNNU$bBOBST$cMAIN$hPK6562.23.A886$iN84 2015$p31142060736637
=880  1\$6100-01/(3/r$aمعصوم‌دوست، هادى.
=880  10$6245-02/(3/r$aنُه مرگ /$cهادى معصوم‌دوست.
=880  \\$6250-03/(4/r$aچاپ اول.
=880  \1$6264-04/(3/r$aتهران :$bنشر چرخ،$c1394 [2015].
=994  \\$aC0$bTEF

