=LDR  01167nam a2200349 i 4500
=001  004227941
=003  NNU
=005  20160318040151.0
=008  160318s2015\\\\ir\\\\\\\\\\\\000\1\per\\
=040  \\$aNNU$beng$erda$cTEF
=066  \\$c(3$c(4
=020  \\$a9789643517434
=020  \\$a9643517438
=035  \\$a(OCoLC)945099735
=050  \4$aPK6562.1.H335$bG87 2015
=049  \\$aZYUU
=100  1\$6880-01$aAḥadiyat, Shuhrah,$eauthor.
=245  10$6880-02$aGūrchīn /$cShurah Aḥadiyat.
=250  \\$6880-03$aChāp-i duvvum.
=264  \1$6880-04$aTihrān :$bMuʼassasah-ʼi Intishārāt-i Nigāh,$c1394 [2015].
=300  \\$a184 pages ;$c22 cm
=336  \\$atext$btxt$2rdacontent
=337  \\$aunmediated$bn$2rdamedia
=338  \\$avolume$bnc$2rdacarrier
=500  \\$aNovel.
=546  \\$aIn Persian.
=852  0\$aNNU$bBOBST$cMAIN$hPK6562.1.H335$iG87 2015$p31142060736645
=880  1\$6100-01/(3/r$aاحدىت، شهره،$eauthor.
=880  10$6245-02/(4/r$aگورچىن /$cشره احدية.
=880  \\$6250-03/(4/r$aچاپ دوم.
=880  \1$6264-04/(3/r$aتهران :$bمؤسسۀ انتشارات نگاه،$c1394 [2015].
=994  \\$aC0$bTEF

