=LDR  01300cam a2200385 i 4500
=001  004227848
=003  NNU
=005  20160318020537.0
=008  151127s2015\\\\ir\\\\\\\\\\\\000\h\per\\
=010  \\$a  2015325765
=040  \\$aDLC$beng$erda$cDLC$dOCLCO$dTEF
=066  \\$c(3$c(4
=020  \\$a9786007033289
=020  \\$a6007033287
=035  \\$a(OCoLC)930576233
=037  \\$aLibrary of Congress -- Islamabad Overseas Office
=042  \\$alcode
=050  \4$aPN6222.I7$bM37 2015
=049  \\$aZYUU
=100  1\$6880-01$aMarʻashī, Masʻūd,$d1984 or 1985-$eauthor.
=245  10$6880-02$aSifīdnamāyī /$cMasʻūd Marʻashī.
=250  \\$6880-03$aChāp-i avval.
=264  \1$6880-04$aTihrān :$bKitāb-i Āmmah,$c1394 [2015].
=300  \\$a191 pages ;$c22 cm
=336  \\$atext$btxt$2rdacontent
=337  \\$aunmediated$bn$2rdamedia
=338  \\$avolume$bnc$2rdacarrier
=546  \\$aIn Persian.
=650  \0$aPersian wit and humor.
=852  0\$aNNU$bBOBST$cMAIN$hPN6222.I7$iM37 2015$p31142060736918
=880  1\$6100-01/(3/r$aمرعشي، مسعود،$eauthor.
=880  10$6245-02/(3/r$aسفيدنمايي /$cمسعود مرعشي.
=880  \\$6250-03/(4/r$aچاپ اول.
=880  \1$6264-04/(3/r$aتهران :$bكتابا آمه،$c1394 [2015].
=994  \\$aC0$bTEF

