=LDR  01326cam a2200385 i 4500
=001  004227838
=003  NNU
=005  20160318111250.0
=008  150801s2015\\\\ir\\\\\\\\\\\\000\j\per\\
=040  \\$aHLS$beng$erda$cHLS$dNOC$dTEF
=066  \\$c(3$c(4
=020  \\$a9789643742843
=020  \\$a9643742849
=035  \\$a(OCoLC)930046504
=042  \\$apcc
=050  \4$aPK6561.Y78$bG48 2015
=049  \\$aZYUU
=100  1\$6880-01$aYūshīj, Nīmā,$eauthor.
=245  10$6880-02$aGhūl, zan va arrābahʹash :$bdāstān-i kūtāh /$cNīmā Yūshīj.
=250  \\$6880-03$aChāp-i avval.
=264  \1$6880-04$aTihrān :$bNashr-i Rūzgār,$c1394 [2015]
=300  \\$a142 pages ;$c21 cm.
=336  \\$atext$2rdacontent
=337  \\$aunmediated$2rdamedia
=338  \\$avolume$2rdacarrier
=500  \\$a"Dāstānʹhā-yi rūzgār" -- On cover.
=500  \\$aShort stories.
=546  \\$aIn Persian.
=752  \\$aIran$dTehran.
=852  0\$aNNU$bBOBST$cMAIN$hPK6561.Y78$iG48 2015$p31142060736926
=880  1\$6100-01/(3/r$aيوشيج، نيما.
=880  10$6245-02/(3/r$aغول، زن و ارابه‌اش :$bداستان کوتاه /$cنيما يوشيج.
=880  \\$6250-03/(4/r$aچاپ اول.
=880  \1$6264-04/(3/r$aتهران :$bنشر روزگار،$c1394 [2015]
=994  \\$aC0$bTEF

