=LDR  01210nam a2200361 a 4500
=001  004227836
=003  NNU
=005  20160318015920.0
=008  160318s2015\\\\ir\\\\\\\\\\\\000\1\per\d
=040  \\$aNNU$cTEF
=066  \\$c(3$c(4
=020  \\$a9786006605074
=020  \\$a6006605074
=035  \\$a(OCoLC)945094751
=050  \4$aPK6562.1.L55$bB58 2015
=049  \\$aZYUU
=100  1\$6880-01$aʻAlīkhānī, Yūsuf,$eauthor.
=245  10$6880-02$aBīvahʹkushī :$brumān /$cYūsuf ʻAlīkhānī.
=250  \\$6880-03$aChāp-i duvvum.
=264  \1$6880-04$aTihrān :$bNashr-i Āmūt,$c1394 [2015 or 2016].
=300  \\$a302 pages ;$c22 cm
=336  \\$atext$btxt$2rdacontent
=337  \\$aunmediated$bn$2rdamedia
=338  \\$avolume$bnc$2rdacarrier
=500  \\$aNovel.
=546  \\$aIn Persian.
=752  \\$aIran$dTehran.
=852  0\$aNNU$bBOBST$cMAIN$hPK6562.1.L55$iB58 2015$p31142060736934
=880  1\$6100-01/(3/r$aعلىخانى، ىوسف،$eauthor.
=880  10$6245-02/(3/r$aبىوه‌ک?i :$bرمان /$cىوسف علىخانى.
=880  \\$6250-03/(4/r$aچاپ دوم.
=880  \1$6264-04/(3/r$aتهران :$bنشر آموت،$c1394 [2015 or 2016].
=994  \\$aC0$bTEF

