=LDR  01663cam a2200421 i 4500
=001  004227835
=003  NNU
=005  20160318014950.0
=008  151127s2015\\\\ir\\\\\\\b\\\\000\0\per\\
=010  \\$a  2015325760
=040  \\$aDLC$beng$erda$cDLC$dTEF
=066  \\$c(3$c(4
=020  \\$a9789643743819
=020  \\$a9643743810
=035  \\$a(OCoLC)930576141
=037  \\$aLibrary of Congress -- Islamabad Overseas Office
=042  \\$alcode
=050  \4$aPK6561.G775$bZ64 2015
=049  \\$aZYUU
=100  1\$6880-01$aHūshyār Maḥbūb, Mujtabā,$eauthor.
=245  10$6880-02$aAz rumān :$bjustārhāyī pīrāmūn-i ās̲ār-i Hūshang Gulshīrī /$cMujtabā Hūshyār Maḥbūb.
=250  \\$6880-03$aChāp-i avval.
=264  \1$6880-04$aTihrān :$bRawzanah,$c1394 [2015].
=300  \\$a160 pages ;$c21 cm
=336  \\$atext$btxt$2rdacontent
=337  \\$aunmediated$bn$2rdamedia
=338  \\$avolume$bnc$2rdacarrier
=546  \\$aIn Persian.
=504  \\$aIncludes bibliographical references.
=600  10$6880-05$aGulshīrī, Hūshang$xCriticism and interpretation.
=650  \0$aPersian fiction$y20th century$xHistory and criticism.
=852  0\$aNNU$bBOBST$cMAIN$hPK6561.G775$iZ64 2015$p31142060736942
=880  1\$6100-01/(3/r$aهوشىار محبوب، مجتبا،$eauthor.
=880  10$6245-02/(3/r$aاز رمان :$bجستارهاىى پىرامون آثار هوشنگ گلشىرى /$cمجتبا هوشىار محبوب.
=880  \\$6250-03/(4/r$aچاپ اول.
=880  \1$6264-04/(3/r$aتهران :$bروزنه،$c1394 [2015].
=880  14$6600-05/(4/r$aگلشىرى، هوشنگ.
=994  \\$aC0$bTEF

