=LDR  01468cam a2200385 i 4500
=001  004227940
=003  NNU
=005  20160318100934.0
=008  151214s2015\\\\ir\\\\\\\\\\\\000\1\per\\
=010  \\$a  2015325836
=040  \\$aDLC$beng$erda$cDLC$dOCLCO$dTEF
=066  \\$c(3$c(4
=020  \\$a9789643344634
=020  \\$a9643344630
=035  \\$a(OCoLC)932303021
=037  \\$aLibrary of Congress -- Islamabad Overseas Office
=042  \\$alcode
=050  \4$aPK6562.27.A998$bD34 2015
=049  \\$aZYUU
=100  1\$6880-01$aQayyūmī Bīdhindī, Mihrdād,$d1959 or 1960-$eauthor.
=245  10$6880-02$aDah ḥikāyat-i miʻmārī :$bal-mukhtār min navādir akhbār al-ʻammār /$cMihrdād Qayyūmī Bīdhindī.
=250  \\$6880-03$aChāp-i avval.
=264  \1$6880-04$aTihrān :$bRawzanah,$c1394 [2015.].
=300  \\$a48 pages ;$c17 cm
=336  \\$atext$btxt$2rdacontent
=337  \\$aunmediated$bn$2rdamedia
=338  \\$avolume$bnc$2rdacarrier
=500  \\$aNovel.
=546  \\$aIn Persian.
=852  0\$aNNU$bBOBST$cMAIN$hPK6562.27.A998$iD34 2015$p31142060736652
=880  1\$6100-01/(3/r$aقيومى بىذندى، مهرداد،$eauthor.
=880  10$6245-02/(3/r$aده حکاىت معمارى :$bالمختار من نوادر اخبار العمار /$cمهرداد قيومى بىذندى.
=880  \\$6250-03/(4/r$aچاپ اول.
=880  \1$6264-04/(3/r$aتهران :$bروزنه،$c1394 [2015.].
=994  \\$aC0$bTEF

