=LDR  01822nam a2200457 i 4500
=001  004227822
=003  NNU
=005  20160318014156.0
=008  160318s2014\\\\ir\\\\\\\b\\\\000\0\per\d
=040  \\$aNNU$beng$erda$cTEF
=066  \\$c(3$c(4
=020  \\$a9789645042828$cprint
=020  \\$a9645042828$cprint
=020  \\$a9789645042828
=020  \\$a9645042828
=035  \\$a(OCoLC)945093452
=050  \4$aPK6561.D263$bZ53 2014
=049  \\$aZYUU
=100  1\$6880-01$aBashīrī, Akbar,$eauthor.
=245  10$6880-02$aTaḥlīl-i jāmiʻahʹ shinākhtī-i rumān-i Sūvashūn /$cAkbar Bashīrī.
=250  \\$6880-03$aChāp-i avval.
=264  \1$6880-04$aTihrān :$bChāp va Nashr-i Ārvīj,$c1393 [2014 or 2015].
=300  \\$a198 pages ;$c21 cm
=336  \\$atext$btxt$2rdacontent
=337  \\$aunmediated$bn$2rdamedia
=338  \\$avolume$bnc$2rdacarrier
=490  1\$6880-05$aNaqd va barʹrasī
=504  \\$aIncludes bibliographical references (pages 195-198).
=546  \\$aIn Persian.
=600  10$aDānishvar, Sīmīn,$d1921-2012.$tSūvashūn$xCriticism and interpretation.
=650  \0$aPersian fiction$y20th century$xHistory and criticism.
=650  \0$aAuthorship.
=830  \0$6880-06$aNaqd va barʹrasī (Chāp va Nashr-i Ārvīj)
=852  0\$aNNU$bBOBST$cMAIN$hPK6561.D263$iZ53 2014$p31142060736967
=880  1\$6100-01/(3/r$aبشىرى، اکبر،$eauthor.
=880  10$6245-02/(3/r$aتحلىل جامعه‌شناختى رمان سووشون /$cاکبر بشىرى.
=880  \\$6250-03/(4/r$aچاپ اول.
=880  \1$6264-04/(3/r$aتهران :$bچاپ و نشر آروىج،$c1393 [2014 or 2015].
=880  1\$6490-05/(3/r$aنقد و بر‌رسى
=880  \0$6830-06/(3/r$aنقد و بر‌رسى (چاپ و نشر آروىج)
=994  \\$aC0$bTEF

