=LDR  01391cam a2200385 a 4500
=001  004227834
=003  NNU
=005  20160318032806.0
=008  150730s2015\\\\ir\\\\\\\\\\\\000\f\per\d
=040  \\$aHLS$beng$cHLS$dTEF
=066  \\$c(4$c(3
=020  \\$a9789644482960
=020  \\$a9644482964
=035  \\$a(OCoLC)928129687
=050  \4$aPK6562.21.A85$bA93 2015
=049  \\$aZYUU
=100  1\$6880-01$aKātib, Muḥammad Riz̤ā.
=245  10$6880-02$aĀvāzʹhā-yi ṣūrat ; chashmhāyam ābī būd /$cMuḥammad Riz̤ā Kātib.
=246  30$6880-03$aChashmhāyam ābī būd
=250  \\$6880-04$aChāp-i avval.
=264  \1$6880-05$aTihrān :$bIntishārāt-i Nīlūfar,$c1394 [2015].
=300  \\$a297 pages ;$c21 cm
=336  \\$atext$btxt$2rdacontent
=337  \\$aunmediated$bn$2rdamedia
=338  \\$avolume$bnc$2rdacarrier
=500  \\$aNovel.
=546  \\$aIn Persian.
=752  \\$aIran$dTehran.
=852  0\$aNNU$bBOBST$cMAIN$hPK6562.21.A85$iA93 2015$p31142060736959
=880  1\$6100-01/(4/r$aکاتب، محمد رضا.
=880  10$6245-02/(3/r$aآواز‌هاى صورت ؛ چشمهاىم آبى بود /$cمحمد رضا کاتب.
=880  30$6246-03/(4/r$aچشمهاىم آبى بود
=880  \\$6250-04/(4/r$aچاپ اول.
=880  \1$6264-05/(3/r$aتهران :$bانتشارات نىلوفر،$c1394 [2015].
=994  \\$aC0$bTEF

