=LDR  01926cam a2200493 i 4500
=001  004227818
=003  NNU
=005  20160318011421.0
=008  151127s2015\\\\ir\a\\\\\b\\\\000\0dper\\
=010  \\$a  2015325753
=040  \\$aDLC$beng$erda$cDLC$dTEF
=066  \\$c(3$c(4
=020  \\$a9786006728438
=020  \\$a6006728435
=035  \\$a(OCoLC)930576262
=037  \\$aLibrary of Congress -- Islamabad Overseas Office
=042  \\$alcode
=043  \\$aa-ir---
=050  \4$aND989.M8438$bA94 2015
=049  \\$aZYUU
=100  1\$6880-01$aĀzhand, Yaʻqūb,$eauthor.
=245  10$6880-02$aMuḥammad Ṣādiq (Āqā Ṣādiq) :$bfaʻʻāl dar nīmahʹ-yi duvvum sadahʹ-yi davāzdahum H.Q. /$cDuktur Yaʻqūb Āzhand.
=246  1\$iTitle on page [4] of cover:$aMohammad Sadiq
=250  \\$6880-03$aChāp-i nukhast.
=264  \1$6880-04$aTihrān :$bPaykarah,$c1394 [2015].
=300  \\$a39 pages :$bcolor illustrations ;$c24 cm
=336  \\$atext$btxt$2rdacontent
=337  \\$aunmediated$bn$2rdamedia
=338  \\$avolume$bnc$2rdacarrier
=490  1\$6880-05$aGulistān-i hunar ;$v12
=546  \\$aIn Persian.
=504  \\$aIncludes bibliographical references.
=600  10$6880-06$aMuḥammad Ṣādiq.
=650  \0$aPainters$zIran$vBiography.
=830  \0$6880-07$aGulistān-i hunar ;$v12.
=852  0\$aNNU$bBOBST$cMAIN$hND989.M8438$iA94 2015$p31142060736975
=880  1\$6100-01/(3/r$aآژند، ىعقوب،$eauthor.
=880  10$6245-02/(3/r$aمحمد صادق (آقا صادق) :$bفعال در نىمه‌ى دوم سده‌ى دوازدهم هـ.ق. /$cدکتر ىعقوب آژند.
=880  \\$6250-03/(4/r$aچاپ نخست.
=880  \1$6264-04/(3/r$aتهران :$bپىکره،$c1394 [2015].
=880  1\$6490-05/(4/r$aگلستان هنر ؛$v12
=880  14$6600-06/(3/r$aمحمد صادق.
=880  \0$6830-07/(4/r$aگلستان هنر ؛$v12.
=994  \\$aC0$bTEF

