=LDR  01945cam a2200445 i 4500
=001  004227937
=003  NNU
=005  20160318024803.0
=008  151214s2015\\\\ir\\\\\\\\\\\\000\p\per\\
=010  \\$a  2015325834
=040  \\$aDLC$beng$erda$cDLC$dOCLCO$dTEF
=066  \\$c(3$c(4
=020  \\$a9786003260849
=020  \\$a600326084X
=035  \\$a(OCoLC)932303202
=037  \\$aLibrary of Congress -- Islamabad Overseas Office
=042  \\$alcode
=090  \\$aPK6561.F393$bS83 2015
=049  \\$aZYUU
=100  1\$6880-01$aFaz̤āyilī, Sūdābah,$d1947 or 1948-$eauthor.
=245  10$6880-02$aSūdābah Faz̤āyilī :$bmajmūʻah-i ās̲ār namāyishī /$cgurdʹāvarī va muqaddimah-i Rasūl Naẓarʹzādah.
=250  \\$6880-03$aChāp-i avval.
=264  \1$6880-04$aTihrān :$bAfrāz,$c1394 [2015].
=300  \\$a120 pages ;$c22 cm
=336  \\$atext$btxt$2rdacontent
=337  \\$aunmediated$bn$2rdamedia
=338  \\$avolume$bnc$2rdacarrier
=490  1\$6880-05$aGanjīnahʹ-yi adabīyāt-i namāyishī-i Īrān ;$v2
=546  \\$aIn Persian.
=700  1\$6880-06$aNaẓarʹzādah, Rasūl,$d1972 or 1973-$eeditor,$ewriter of introduction.
=830  \0$6880-07$aGanjīnahʹ-yi adabīyāt-i namāyishī-i Īrān ;$v2.
=852  0\$aNNU$bBOBST$cMAIN$p31142060736678
=880  1\$6100-01/(3/r$aفضاىلى، سودابه،$eauthor.
=880  10$6245-02/(3/r$aسودابه فضاىلى :$bمجموعه آثار نماىشى /$cگرد‌آورى و مقدمه رسول نظرزاده.
=880  \\$6250-03/(4/r$aچاپ اول.
=880  \1$6264-04/(3/r$aتهران :$bافراز،$c1394 [2015].
=880  1\$6490-05/(4/r$aگنجىنه‌ى ادبيات نماىشى ايران ؛$v2
=880  1\$6700-06/(3/r$aنظر‌زاده، رسول،$eeditor,$ewriter of introduction.
=880  \0$6830-07/(4/r$aگنجىنه‌ى ادبيات نماىشى ايران ؛$v2.
=994  \\$aC0$bTEF

