=LDR  01216cam a2200349 a 4500
=001  004227943
=003  NNU
=005  20160318103109.0
=008  150518s2015\\\\ir\\\\\\\\\\\\000\f\per\d
=040  \\$aHLS$beng$erda$cHLS$dTEF
=066  \\$c(4$c(3
=020  \\$a9789643519155
=020  \\$a9643519155
=035  \\$a(OCoLC)923637257
=050  \4$aPK6562.26.A783$bJ84 2015
=049  \\$aZYUU
=100  1\$6880-01$aPārsā, Sitārah,$eauthor.
=245  10$6880-02$aJughrāfiyā-yi khānagī /$cSitārah Pārsā.
=250  \\$6880-03$aChāp-i avval.
=264  \1$6880-04$aTihrān :$bMuʼassasah-i Instishārāt-i Nigāh,$c1394 [2015].
=300  \\$a128 pages ;$c21 cm
=336  \\$atext$btxt$2rdacontent
=337  \\$aunmediated$bn$2rdamedia
=338  \\$avolume$bnc$2rdacarrier
=500  \\$aNovel.
=752  \\$aIran$dTehran.
=852  0\$aNNU$bBOBST$cMAIN$hPK6562.26.A783$iJ84 2015$p31142060736686
=880  1\$6100-01/(4/r$aپارسا، ستاره،$eauthor.
=880  10$6245-02/(3/r$aجغرافیای خانگی /$cستاره پارسا.
=880  \\$6250-03/(4/r$aچاپ اول.
=880  \1$6264-04/(3/r$aتهران :$bمؤسسه انتشارات نگاه،$c1394 [2015].
=994  \\$aC0$bTEF

