=LDR  01936cam a2200481 i 4500
=001  004227816
=003  NNU
=005  20160318125749.0
=008  151127s2015\\\\ir\a\\\\\\\\\\000\0\per\\
=010  \\$a  2015325752
=040  \\$aDLC$beng$erda$cDLC$dTEF
=066  \\$c(3$c(4
=020  \\$a9786006728469
=020  \\$a600672846X
=035  \\$a(OCoLC)930576261
=037  \\$aLibrary of Congress -- Islamabad Overseas Office
=042  \\$alcode
=043  \\$aa-ir---
=050  \4$aNK3639.P4$bQ255 2015
=049  \\$aZYUU
=100  1\$6880-01$aQilīchʹkhānī, Ḥamīd Riz̤ā,$eauthor.
=245  10$6880-02$aMuḥammad Ḥasayn Shīrāzī (zindah dar 1316 Hijrī-i Qamarī) /$cDuktur Ḥamīdʹ riz̤ā Qilīchʹ khānī.
=246  1\$iTitle on page [4] of cover:$aMuhammad Husain Shirazi
=250  \\$6880-03$aChāp-i nukhast.
=264  \1$6880-04$aTihrān :$bPaykarah,$c1394 [2015].
=300  \\$a61 pages :$bcolor illustrations ;$c24 cm
=336  \\$atext$btxt$2rdacontent
=337  \\$aunmediated$bn$2rdamedia
=338  \\$avolume$bnc$2rdacarrier
=490  1\$6880-05$aGulistān-i hunar ;$v13
=546  \\$aIn Persian.
=600  10$6880-06$aShīrāzī, Muḥammad Ḥusayn,$dactive 19th century.
=650  \0$aCalligraphers$zIran$vBiography.
=830  \0$6880-07$aGulistān-i hunar ;$v13.
=852  0\$aNNU$bBOBST$cMAIN$hNK3639.P4$iQ255 2015$p31142060736991
=880  1\$6100-01/(3/r$aقلىچ‌خانى، حمىد رضا،$eauthor.
=880  10$6245-02/(3/r$aمحمد حسىن شىرازى (زنده در 1316 هجرى قمرى) /$cدکتر حمىد‌رضا قلىچ‌خانى.
=880  \\$6250-03/(4/r$aچاپ نخست.
=880  \1$6264-04/(3/r$aتهران :$bپىکره،$c1394 [2015].
=880  1\$6490-05/(4/r$aگلستان هنر ؛$v13
=880  14$6600-06/(3/r$aشىرازى، محمد حسىن.
=880  \0$6830-07/(4/r$aگلستان هنر ؛$v13.
=994  \\$aC0$bTEF

