=LDR  01736cam a2200445 i 4500
=001  004227833
=003  NNU
=005  20160318035102.0
=008  151127s2015\\\\ir\a\\\\\b\\\\000\0\per\\
=010  \\$a  2015325759
=040  \\$aDLC$beng$erda$cDLC$dNOC$dTEF
=066  \\$c(3$c(4
=020  \\$a9789641854005
=020  \\$a9641854003
=035  \\$a(OCoLC)930576254
=037  \\$aLibrary of Congress -- Islamabad Overseas Office
=042  \\$alcode$apcc
=043  \\$aa-ir---
=050  \4$aND989.S57$bR34 2015
=049  \\$aZYUU
=100  1\$6880-01$aRafīʻ, Mahdī,$d1983 or 1984-$eauthor.
=245  10$6880-02$aMasāḥat-i iḥsās :$bSuhrāb Sipihrī va hunar-i ʻirfānī dar jahān-i muʻāṣir /$cMahdī Rafīʻ.
=250  \\$6880-03$aChāp-i avval.
=264  \1$6880-04$aTihrān :$bNashr-i Nay,$c1394 [2015]
=300  \\$a192 pages, 24 unnumbered pages of plates :$bcolor illustrations ;$c22 cm
=336  \\$atext$btxt$2rdacontent
=337  \\$aunmediated$bn$2rdamedia
=338  \\$avolume$bnc$2rdacarrier
=546  \\$aIn Persian.
=504  \\$aIncludes bibliographical references.
=600  10$6880-05$aSipihrī, Suhrāb$xCriticism and interpretation.
=650  \0$aPainting, Iranian$y20th century.
=650  \0$aMysticism in art.
=852  0\$aNNU$bBOBST$cMAIN$hND989.S57$iR34 2015$p31142060737007
=880  1\$6100-01/(3/r$aرفيع، مهدى،$d1983 or 1984-
=880  10$6245-02/(3/r$aمساحت احساس :$bسهراب سپهرى و هنر عرفانى در جهان معاصر /$cمهدى رفيع.
=880  \\$6250-03/(4/r$aچاپ اول.
=880  \1$6264-04/(3/r$aتهران :$bنشر نى،$c1394 [2015]
=880  14$6600-05/(3/r$aسپهرى، سهراب.
=994  \\$aC0$bTEF

