=LDR  01230cam a2200361 i 4500
=001  004227837
=003  NNU
=005  20160318021426.0
=008  160316s2015\\\\ir\\\\\\\\\\\\000\f\per\\
=040  \\$aNOC$beng$erda$cNOC$dNOC
=066  \\$c(4$c(3
=020  \\$a9789645506146
=020  \\$a964550614X
=035  \\$a(OCoLC)944915176
=050  \4$aPK6561.G75$bC43 2015
=049  \\$aZYUU
=100  1\$6880-01$aGulbū, Farīdah,$eauthor.
=245  10$6880-02$aChahār shab-i sarnivishtʹsāz /$cFarīdah Gulbū (Kurdvānī).
=250  \\$6880-03$aChāp-i avval.
=264  \1$6880-04$aTihrān :$bKitābʹsarā,$c1394 [2015]
=300  \\$a254 pages :$bportrait ;$c22 cm
=336  \\$atext$btxt$2rdacontent
=337  \\$aunmediated$bn$2rdamedia
=338  \\$avolume$bnc$2rdacarrier
=500  \\$aNovel.
=546  \\$aIn Persian.
=655  \7$aNovels.$2lcgft
=852  0\$aNNU$bBOBST$cMAIN$hPK6561.G75$iC43 2015$p31142060737015
=880  1\$6100-01/(4/r$aگلبو، فريده.
=880  10$6245-02/(4/r$aچهار شب سرنوشت‌ساز /$cفريده گلبو (کردوانى).
=880  \\$6250-03/(4/r$aچاپ اول.
=880  \1$6264-04/(3/r$aتهران :$bکتاب‌سرا،$c1394 [2015]
=994  \\$aC0$bTEF

