=LDR  01327nam a2200349 i 4500
=001  004227841
=003  NNU
=005  20160318043244.0
=008  160318s2015\\\\ir\\\\\\\\\\\\000\0\per\d
=040  \\$aNNU$beng$erda$cTEF
=066  \\$c(3$c(4
=020  \\$a9786002293732$cprint
=020  \\$a6002293736$cprint
=035  \\$a(OCoLC)945100517
=050  \4$aPK6423$b.B347 2014
=049  \\$aZYUU
=100  1\$6880-01$aBahrāmī, Āz̲ardukht,$eauthor.
=245  10$6880-02$aSūtīkdahʹ-yi saʻādat, pirashyan famīliz, dātʹkām /$cAz̲ardukht Bahrāmī.
=250  \\$6880-03$aChāp-i avval.
=264  \1$6880-04$aTihrān :$bNashr-i Chashmah,$c1393 [2014 or 2015].
=300  \\$a221 pages ;$c22 cm
=336  \\$atext$btxt$2rdacontent
=337  \\$aunmediated$bn$2rdamedia
=338  \\$avolume$bnc$2rdacarrier
=546  \\$aIn Persian.
=650  \0$aPersian fiction$y20th century$xHistory and criticism.
=852  0\$aNNU$bBOBST$cMAIN$hPK6423$i.B347 2014$p31142060737031
=880  1\$6100-01/(3/r$aبهرامى، آذردخت،$eauthor.
=880  10$6245-02/(3/r$aسوتىکده‌ى سعادت، پرشىن فمىلز، دات‌كام /$cاذردخت بهرامى.
=880  \\$6250-03/(4/r$aچاپ اول.
=880  \1$6264-04/(3/r$aتهران :$bنشر چشمه،$c1393 [2014 or 2015].
=994  \\$aC0$bTEF

