=LDR  01839cam a2200421 i 4500
=001  004227921
=003  NNU
=005  20160301172629.7
=008  151214s2014\\\\ir\a\\\\\b\\\\000\0\per\\
=010  \\$a  2015325820
=040  \\$aDLC$beng$erda$cDLC$dNOC
=066  \\$c(3$c(4
=020  \\$a9786001521805
=020  \\$a6001521808
=037  \\$aLibrary of Congress -- Islamabad Overseas Office
=042  \\$alcode
=050  \4$aNC710$b.M47 2014
=049  \\$aZYUU
=100  1\$aMesqali, Farsheed,$eauthor.
=245  10$6880-01$aTaṣvīrʹsāzī /$ctaʼlīf va girdʹāvarī-i Farshīd Mis̲qālī ; mutarjimān, Sīmīn Dāvūdī, Rayḥānah Shahristānī, Farshīd Mis̲qālī.
=250  \\$6880-02$aChāp-i nukhust.
=264  \1$6880-03$aTihrān :$bMuʼassasah-i Farhangī Pizhūhishī-i Chāp va Nashr-i Naẓar,$c1393 [2014 or 2015]
=300  \\$a203 pages, 1 unnumbered page :$billustrations (chiefly color) ;$c22 x 23 cm
=336  \\$atext$btxt$2rdacontent
=336  \\$astill image$bsti$2rdacontent
=337  \\$aunmediated$bn$2rdamedia
=338  \\$avolume$bnc$2rdacarrier
=504  \\$aIncludes bibliographical references (page 204).
=546  \\$aIn Persian.
=650  \0$aDrawing.
=650  \0$aDesign.
=650  \0$aGraphic arts.
=700  1\$6880-04$aDāvūdī, Sīmīn,$etranslator.
=852  0\$aNNU$bBOBST$cMAIN$hNC710$i.M47 2014$p31142060737171
=880  10$6245-01/(3/r$aتصويرسازى /$cتأليف و گرد‌آورى فرشيد مثقالى ؛ مترجمان، سيمين داوودى، ريحانه شهرستانى، فرشيد مثقالى.
=880  \\$6250-02/(4/r$aچاپ نخست.
=880  \1$6264-03/(3/r$aتهران :$bمؤسسه فرهنگى پژوهشى چاپ و نشر نظر،$c1393 [2014 or 2015]
=880  1\$6700-04/(3/r$aداوودى، سيمين.

